@article{vazio,
  doi = {10.1126/science.1184819},
  url = {https://doi.org/10.1126/science.1184819},
  year = {2010},
  month = may,
  publisher = {American Association for the Advancement of Science ({AAAS})},
  volume = {328},
  number = {5980},
  pages = {876--878},
  author = {P. J. Mucha and T. Richardson and K. Macon and M. A. Porter and J.-P. Onnela},
  title = {Community Structure in Time-Dependent,  Multiscale,  and Multiplex Networks},
  journal = {Science}
}

@online{RM_Intro,
  author = {G. Grolemund},
  title = {Introduction to R Markdown},
  year = 2014,
  url = {https://rmarkdown.rstudio.com/articles_intro.html},
  urldate = {2020-07-22}
}


@article{Mucha2010,
  doi = {10.1126/science.1184819},
  url = {https://doi.org/10.1126/science.1184819},
  year = {2010},
  month = may,
  publisher = {American Association for the Advancement of Science ({AAAS})},
  volume = {328},
  number = {5980},
  pages = {876--878},
  author = {P. J. Mucha and T. Richardson and K. Macon and M. A. Porter and J.-P. Onnela},
  title = {Community Structure in Time-Dependent,  Multiscale,  and Multiplex Networks},
  journal = {Science}
}


@article{Newman2004a,
  doi = {10.1103/physreve.69.026113},
  url = {https://doi.org/10.1103/physreve.69.026113},
  year = {2004},
  month = feb,
  publisher = {American Physical Society ({APS})},
  volume = {69},
  number = {2},
  author = {M. E. J. Newman and M. Girvan},
  title = {Finding and evaluating community structure in networks},
  journal = {Physical Review E}
}

@article{Newman2004b,
  doi = {10.1103/physreve.70.056131},
  url = {https://doi.org/10.1103/physreve.70.056131},
  year = {2004},
  month = nov,
  publisher = {American Physical Society ({APS})},
  volume = {70},
  number = {5},
  author = {M. E. J. Newman},
  title = {Analysis of weighted networks},
  journal = {Physical Review E}
}

@article{Blondel2008,
  doi = {10.1088/1742-5468/2008/10/p10008},
  url = {https://doi.org/10.1088/1742-5468/2008/10/p10008},
  year = {2008},
  month = oct,
  publisher = {{IOP} Publishing},
  volume = {2008},
  number = {10},
  pages = {P10008},
  author = {Vincent D Blondel and Jean-Loup Guillaume and Renaud Lambiotte and Etienne Lefebvre},
  title = {Fast unfolding of communities in large networks},
  journal = {Journal of Statistical Mechanics: Theory and Experiment}
}

@article{Reichardt2006,
  doi = {10.1103/physreve.74.016110},
  url = {https://doi.org/10.1103/physreve.74.016110},
  year = {2006},
  month = jul,
  publisher = {American Physical Society ({APS})},
  volume = {74},
  number = {1},
  author = {J\"{o}rg Reichardt and Stefan Bornholdt},
  title = {Statistical mechanics of community detection},
  journal = {Physical Review E}
}

@book{Bianconi2018,
  place={Oxford, United Kingdom},
  title={Multilayer networks: structure and function},
  publisher={Oxford University Press},
  author={Bianconi, Ginestra},
  year={2018}
}

@article{Mello2019,
  doi = {10.1038/s41559-019-1002-3},
  url = {https://doi.org/10.1038/s41559-019-1002-3},
  year = {2019},
  month = oct,
  publisher = {Springer Science and Business Media {LLC}},
  volume = {3},
  number = {11},
  pages = {1525--1532},
  author = {Marco A. R. Mello and Gabriel M. Felix and Rafael B. P. Pinheiro and Renata L. Muylaert and Cullen Geiselman and Sharlene E. Santana and Marco Tschapka and Nastaran Lotfi and Francisco A. Rodrigues and Richard D. Stevens},
  title = {Insights into the assembly rules of a continent-wide multilayer network},
  journal = {Nature Ecology {\&} Evolution}
}

@article{Costa2016,
  doi = {10.1371/journal.pone.0167161},
  url = {https://doi.org/10.1371/journal.pone.0167161},
  year = {2016},
  month = dec,
  publisher = {Public Library of Science ({PLoS})},
  volume = {11},
  number = {12},
  pages = {e0167161},
  author = {Fernanda V. Costa and Marco A. R. Mello and Judith L. Bronstein and Tadeu J. Guerra and Renata L. Muylaert and Alice C. Leite and Frederico S. Neves},
  editor = {Fabio S. Nascimento},
  title = {Few Ant Species Play a Central Role Linking Different Plant Resources in a Network in Rupestrian Grasslands},
  journal = {{PLOS} {ONE}}
}

@book{xie2019,
  place={Boca Raton},
  title={R Markdown the definitive guide},
  publisher={CRC Press},
  author={Xie, Yihui and Allaire, J. J. and Grolemund, Garrett},
  year={2019}
}

@incollection{Ings2018,
  doi = {10.1007/978-3-319-68228-0_2},
  url = {https://doi.org/10.1007/978-3-319-68228-0_2},
  year = {2018},
  publisher = {Springer International Publishing},
  pages = {15--28},
  author = {Thomas C. Ings and Joseph E. Hawes},
  title = {The History of Ecological Networks},
  booktitle = {Ecological Networks in the Tropics}
}

@article{Pilosof2017,
  doi = {10.1038/s41559-017-0101},
  url = {https://doi.org/10.1038/s41559-017-0101},
  year = {2017},
  month = mar,
  publisher = {Springer Science and Business Media {LLC}},
  volume = {1},
  number = {4},
  author = {Shai Pilosof and Mason A. Porter and Mercedes Pascual and Sonia K{\'{e}}fi},
  title = {The multilayer nature of ecological networks},
  journal = {Nature Ecology {\&} Evolution}
}

@article{Brandes2008,
  doi = {10.1109/tkde.2007.190689},
  url = {https://doi.org/10.1109/tkde.2007.190689},
  year = {2008},
  month = feb,
  publisher = {Institute of Electrical and Electronics Engineers ({IEEE})},
  volume = {20},
  number = {2},
  pages = {172--188},
  author = {U. Brandes and D. Delling and M. Gaertler and R. Gorke and M. Hoefer and Z. Nikoloski and D. Wagner},
  title = {On Modularity Clustering},
  journal = {{IEEE} Transactions on Knowledge and Data Engineering}
}

@article{Meunier2009,
  doi = {10.3389/neuro.11.037.2009},
  url = {https://doi.org/10.3389/neuro.11.037.2009},
  year = {2009},
  publisher = {Frontiers Media {SA}},
  volume = {3},
  author = {David Meunier},
  title = {Hierarchical modularity in human brain functional networks},
  journal = {Frontiers in Neuroinformatics}
}

@article{Zhang2010,
  doi = {10.1016/j.joi.2009.11.005},
  url = {https://doi.org/10.1016/j.joi.2009.11.005},
  year = {2010},
  month = apr,
  publisher = {Elsevier {BV}},
  volume = {4},
  number = {2},
  pages = {185--193},
  author = {Lin Zhang and Xinhai Liu and Frizo Janssens and Liming Liang and Wolfgang Gl\"{a}nzel},
  title = {Subject clustering analysis based on {ISI} category classification},
  journal = {Journal of Informetrics}
}

@article{Good2010,
  doi = {10.1103/physreve.81.046106},
  url = {https://doi.org/10.1103/physreve.81.046106},
  year = {2010},
  month = apr,
  publisher = {American Physical Society ({APS})},
  volume = {81},
  number = {4},
  author = {Benjamin H. Good and Yves-Alexandre de Montjoye and Aaron Clauset},
  title = {Performance of modularity maximization in practical contexts},
  journal = {Physical Review E}
}

@book{Kent1978,
  title     = "The rise of the Medici : faction in Florence 1426-1434",
  author    = "Kent, Dale V.",
  year      = 1978,
  publisher = "Oxford university press",
  url = "http://lib.ugent.be/catalog/rug01:000703415"
}

@incollection{Rodrigues2018,
  doi = {10.1007/978-3-319-78512-7_10},
  url = {https://doi.org/10.1007/978-3-319-78512-7_10},
  year = {2018},
  month = jun,
  publisher = {Springer International Publishing},
  pages = {177--196},
  author = {Rodrigues, Francisco Aparecido},
  title = {Network Centrality: An Introduction},
  booktitle = {A Mathematical Modeling Approach from Nonlinear Dynamics to Complex Systems}
}

@article{Sabidussi1966,
  doi = {10.1007/bf02289527},
  url = {https://doi.org/10.1007/bf02289527},
  year = {1966},
  month = dec,
  publisher = {Springer Science and Business Media {LLC}},
  volume = {31},
  number = {4},
  pages = {581--603},
  author = {Sabidussi, Gert},
  title = {The centrality index of a graph},
  journal = {Psychometrika}
}

@article{Freeman1977,
  doi = {10.2307/3033543},
  url = {https://doi.org/10.2307/3033543},
  year = {1977},
  month = mar,
  publisher = {{JSTOR}},
  volume = {40},
  number = {1},
  pages = {35},
  author = {Freeman, Linton C.},
  title = {A Set of Measures of Centrality Based on Betweenness},
  journal = {Sociometry}
}

@article{Bonacich1972,
  doi = {10.1080/0022250x.1972.9989806},
  url = {https://doi.org/10.1080/0022250x.1972.9989806},
  year = {1972},
  month = jan,
  publisher = {Informa {UK} Limited},
  volume = {2},
  number = {1},
  pages = {113--120},
  author = {Bonacich, Phillip },
  title = {Factoring and weighting approaches to status scores and clique identification},
  journal = {The Journal of Mathematical Sociology}
}
@article{guimarães2017,
	title = {Indirect effects drive coevolution in mutualistic networks},
	author = {{Guimarães}, {Paulo R.} and {Pires}, {Mathias M.} and {Jordano}, {Pedro} and {Bascompte}, {Jordi} and {Thompson}, {John N.}},
	year = {2017},
	month = {10},
	date = {2017-10},
	journal = {Nature},
	pages = {511--514},
	volume = {550},
	number = {7677},
	doi = {10.1038/nature24273},
	url = {http://dx.doi.org/10.1038/nature24273},
	langid = {en}
}

@article{dormann2017,
	title = {Identifying Causes of Patterns in Ecological Networks: Opportunities and Limitations},
	author = {{Dormann}, {Carsten F.} and {Fründ}, {Jochen} and {Schaefer}, {H. Martin}},
	year = {2017},
	month = {11},
	date = {2017-11-02},
	journal = {Annual Review of Ecology, Evolution, and Systematics},
	pages = {559--584},
	volume = {48},
	number = {1},
	doi = {10.1146/annurev-ecolsys-110316-022928},
	url = {http://dx.doi.org/10.1146/annurev-ecolsys-110316-022928},
	langid = {en}
}

@article{fortunato2016,
	title = {Community detection in networks: A user guide},
	author = {{Fortunato}, {Santo} and {Hric}, {Darko}},
	year = {2016},
	month = {11},
	date = {2016-11},
	journal = {Physics Reports},
	pages = {1--44},
	volume = {659},
	doi = {10.1016/j.physrep.2016.09.002},
	url = {http://dx.doi.org/10.1016/j.physrep.2016.09.002},
	langid = {en}
}

@article{garcía-callejas2017,
	title = {Multiple interactions networks: towards more realistic descriptions of the web of life},
	author = {{García-Callejas}, {David} and {Molowny-Horas}, {Roberto} and {Araújo}, {Miguel B.}},
	year = {2017},
	month = {09},
	date = {2017-09-08},
	journal = {Oikos},
	pages = {5--22},
	volume = {127},
	number = {1},
	doi = {10.1111/oik.04428},
	url = {http://dx.doi.org/10.1111/oik.04428},
	langid = {en}
}

@article{rossoni2017,
	title = {Intense natural selection preceded the invasion of new adaptive zones during the radiation of New World leaf-nosed bats},
	author = {{Rossoni}, {Daniela M.} and {Assis}, {Ana Paula A.} and {Giannini}, {Norberto P.} and {Marroig}, {Gabriel}},
	year = {2017},
	month = {09},
	date = {2017-09-11},
	journal = {Scientific Reports},
	volume = {7},
	number = {1},
	doi = {10.1038/s41598-017-08989-6},
	url = {http://dx.doi.org/10.1038/s41598-017-08989-6},
	langid = {en}
}

@article{mello2014,
	title = {Keystone species in seed dispersal networks are mainly determined by dietary specialization},
	author = {{Mello}, {Marco Aurelio Ribeiro} and {Rodrigues}, {Francisco Aparecido} and {Costa}, {Luciano da Fontoura} and {Kissling}, {W. Daniel} and {{\c{S}}ekercio{\u{g}}lu}, {Ça{\u{g}}an H.} and {Marquitti}, {Flavia Maria Darcie} and {Kalko}, {Elisabeth Klara Viktoria}},
	year = {2014},
	month = {12},
	date = {2014-12-11},
	journal = {Oikos},
	pages = {1031--1039},
	volume = {124},
	number = {8},
	doi = {10.1111/oik.01613},
	url = {http://dx.doi.org/10.1111/oik.01613},
	langid = {en}
}

@article{rico-gray2007,
	title = {The Ecology and Evolution of Ant-Plant Interactions},
	author = {{Rico-Gray}, {Victor} and {Oliveira}, {Paulo S.}},
	year = {2007},
	date = {2007},
	doi = {10.7208/chicago/9780226713540.001.0001},
	url = {http://dx.doi.org/10.7208/chicago/9780226713540.001.0001}
}
